<?xml version="1.0" encoding="UTF-8"?><collection xmlns="http://www.loc.gov/MARC21/slim"><record><leader>00507nam--2200133-i-4500</leader><controlfield tag="001">000014877</controlfield><controlfield tag="002">20161230</controlfield><controlfield tag="005">20161230201031</controlfield><controlfield tag="008">060222s1000------------r-----000-0-eng-d</controlfield><datafield ind1=" " ind2=" " tag="100"><subfield code="a">Boerner, Herman</subfield></datafield><datafield ind1=" " ind2=" " tag="245"><subfield code="a">Dartsellungen von gruppen. mit berucksichti gung der bedurfnisse der modernen physick. zweite, uberarbeitete auflage. mit 14. abbildungen</subfield></datafield><datafield ind1=" " ind2=" " tag="260"><subfield code="a">Berlin, Springer-verlag , 1967. Xii + 317 P</subfield></datafield><datafield ind1=" " ind2=" " tag="490"><subfield code="a">Die Grundlahren Der Mathematischen Wissenschaf Ten In Einzeldarssellungen</subfield></datafield><datafield ind1=" " ind2=" " tag="852"><subfield code="a">75803</subfield></datafield></record></collection>